<record><leader>00000cas a2200000 a 4500</leader><controlfield tag="001">27046416</controlfield><controlfield tag="008">921201d19021937cauir ne      0    0eng c</controlfield><datafield ind1=" " ind2=" " tag="010"><subfield code="a">sn 92069496 </subfield></datafield><datafield ind1=" " ind2=" " tag="040"><subfield code="a">CUY</subfield><subfield code="b">eng</subfield><subfield code="c">CNK</subfield><subfield code="d">OCLCQ</subfield><subfield code="d">CNK</subfield><subfield code="d">OCLCO</subfield><subfield code="d">OCLCQ</subfield><subfield code="d">OCLCF</subfield></datafield><datafield ind1=" " ind2=" " tag="042"><subfield code="a">pcc</subfield></datafield><datafield ind1=" " ind2=" " tag="043"><subfield code="a">n-us-ca</subfield></datafield><datafield ind1="0" ind2=" " tag="130"><subfield code="a">Antioch ledger (Antioch, Calif. : 1902)</subfield></datafield><datafield ind1="1" ind2="0" tag="245"><subfield code="a">Antioch ledger.</subfield></datafield><datafield ind1=" " ind2=" " tag="260"><subfield code="a">Antioch, Contra Costa County, Calif. :</subfield><subfield code="b">C.F. Montgomery</subfield></datafield><datafield ind1=" " ind2=" " tag="300"><subfield code="a">v.</subfield></datafield><datafield ind1=" " ind2=" " tag="310"><subfield code="a">Triweekly,</subfield><subfield code="b">Nov. 4, 1929-Apr. 2, 1937</subfield></datafield><datafield ind1=" " ind2=" " tag="321"><subfield code="a">Weekly,</subfield><subfield code="b">Apr. 26, 1902-Oct. 31, 1929</subfield></datafield><datafield ind1="0" ind2=" " tag="362"><subfield code="a">Vol. 33, no. 9 (Apr. 26, 1902)-v. 68, no. 40 (Apr. 2, 1937).</subfield></datafield><datafield ind1=" " ind2=" " tag="530"><subfield code="a">Master negatives are available for duplication from:</subfield><subfield code="b">California Newspaper Microfilm Archive;</subfield><subfield code="c">for further information consult the CNMA at:</subfield><subfield code="u">http://cbsr.ucr.edu.</subfield></datafield><datafield ind1=" " ind2="0" tag="651"><subfield code="a">Antioch (Calif.)</subfield><subfield code="v">Newspapers.</subfield></datafield><datafield ind1=" " ind2="7" tag="655"><subfield code="a">Newspapers.</subfield><subfield code="2">fast</subfield><subfield code="0">(OCoLC)fst01423814</subfield></datafield><datafield ind1=" " ind2="7" tag="651"><subfield code="a">California</subfield><subfield code="z">Antioch.</subfield><subfield code="2">fast</subfield><subfield code="0">(OCoLC)fst01214326</subfield></datafield><datafield ind1=" " ind2=" " tag="752"><subfield code="a">United States</subfield><subfield code="b">California</subfield><subfield code="c">Contra Costa</subfield><subfield code="d">Antioch.</subfield></datafield><datafield ind1="0" ind2="0" tag="780"><subfield code="t">Ledger (Antioch, Calif.)</subfield><subfield code="w">(DLC)sn 93053254</subfield></datafield><datafield ind1="0" ind2="0" tag="785"><subfield code="t">Antioch daily ledger</subfield><subfield code="w">(DLC)sn 92069497</subfield></datafield></record>